@online{wiki:algebraic-structure,
   author = "Wikipedia",
   title = "Algebraic structure",
   year = "2018",
   url = {https://en.wikipedia.org/w/index.php?title=Algebraic_structure&oldid=841346984},
   urldate = {2018-10-31} }

@online{wiki:Factorization-of-polynomials,
   author = "Wikipedia",
   title = "Factorization of polynomials",
   year = "2018",
   url = {https://en.wikipedia.org/w/index.php?title=Factorization_of_polynomials&oldid=847923764},
   urldate = {2018-10-31} }

@online{wiki:Outline-of-algebraic-structures,
   author = "Wikipedia",
   title = "Outline of algebraic structures",
   year = "2018",
   url = {https://en.wikipedia.org/w/index.php?title=Outline_of_algebraic_structures&oldid=853602775},
   urldate = {2018-10-31} }

@online{wiki:polynomial,
   author = "Wikipedia",
   title = "Polynomial",
   year = "2018",
   url = {https://en.wikipedia.org/w/index.php?title=Polynomial&oldid=866125729},
   urldate = {2018-10-31} }

@online{wiki:Synthetic-division,
   author = "Wikipedia",
   title = "Synthetic division",
   year = "2018",
   url = {https://en.wikipedia.org/w/index.php?title=Synthetic_division&oldid=847544978},
   urldate = {2018-10-31} }
