@online{wiki:cubic-hermite-spline,
   author = "Wikipedia",
   title = "Cubic Hermite spline",
   year = "2018",
   url = {https://en.wikipedia.org/w/index.php?title=Cubic_Hermite_spline&oldid=864633594},
   urldate = {2018-10-28} }

