@online{wiki:Algebraic-structure,
   author = "Wikipedia",
   title = "Algebraic structure",
   year = "2018",
   url = {https://en.wikipedia.org/w/index.php?title=Algebraic_structure&oldid=841346984},
   urldate = {2018-10-31} }

@online{wiki:Factorization-of-polynomials,
   author = "Wikipedia",
   title = "Factorization of polynomials",
   year = "2018",
   url = {https://en.wikipedia.org/w/index.php?title=Factorization_of_polynomials&oldid=847923764},
   urldate = {2018-10-31} }

@online{wiki:Field-mathematics,
   author = "Wikipedia",
   title = " Field (mathematics)",
   year = "2018",
   url = {https://en.wikipedia.org/w/index.php?title=Field_(mathematics)&oldid=868556601},
   urldate = {2018-11-14} }

@online{wiki:Mathematical-structure,
   author = "Wikipedia",
   title = "Mathematical structure",
   year = "2018",
   url = {https://en.wikipedia.org/w/index.php?title=Mathematical_structure&oldid=858565987},
   urldate = {2018-10-31} }

@online{wiki:Outline-of-algebraic-structures,
   author = "Wikipedia",
   title = "Outline of algebraic structures",
   year = "2018",
   url = {https://en.wikipedia.org/w/index.php?title=Outline_of_algebraic_structures&oldid=853602775},
   urldate = {2018-10-31} }

@online{wiki:Polynomial,
   author = "Wikipedia",
   title = "Polynomial",
   year = "2018",
   url = {https://en.wikipedia.org/w/index.php?title=Polynomial&oldid=866125729},
   urldate = {2018-10-31} }

@online{wiki:Ring-mathematics,
   author = "Wikipedia",
   title = " Ring (mathematics)",
   year = "2018",
   url = {https://en.wikipedia.org/w/index.php?title=Ring_(mathematics)&oldid=862148619},
   urldate = {2018-11-14} }

@online{wiki:Synthetic-division,
   author = "Wikipedia",
   title = "Synthetic division",
   year = "2018",
   url = {https://en.wikipedia.org/w/index.php?title=Synthetic_division&oldid=847544978},
   urldate = {2018-10-31} }
