
@book{Halmos1958Finite,
  author = {Paul R. Halmos},
year = "1958",
title = {Finite-dimensional Vector Spaces},
publisher = "Van Nostrand",
address = "Princeton, {NJ}"}

@book{Halmos1960Naive,
  author = {Paul R. Halmos},
  isbn = {0387900926},
  publisher = {Van Nostrand},
  title = {Naive Set Theory},
  year = {1960},
  note = {Reprinted by Martino Fine Books, 2011}
}

@article{Halmos1970HowToWrite,
  author = {Paul R. Halmos},
  journal = {L'Enseignement Math{\'e}matique},
  volume = 2,
  number = 16,
  pages = {123--152},
  title = {How to write mathematics},
  year = {1970},
  url = {https://www.math.uh.edu/~tomforde/Books/Halmos-How-To-Write.pdf},
  urldate = {2017-03-24}
}

@article{halmos1970write,
  added-at = {2016-08-31T08:44:22.000+0200},
  author = {Paul R. Halmos},
  biburl = {https://www.bibsonomy.org/bibtex/26ae79e1d1b5fa6bf478c9fc885e9c8fb/ytyoun},
  interhash = {d26a5417010388ce5c8b2f623c60df42},
  intrahash = {6ae79e1d1b5fa6bf478c9fc885e9c8fb},
  journal = {L'Enseignement Math√©matique},
  keywords = {academia advice halmos math writing},
  number = 2,
  pages = {123--152},
  timestamp = {2016-08-31T08:48:02.000+0200},
  title = {How to Write Mathematics},
  volume = 16,
  year = 1970
}
